@article{cai2011testing,
  title={Testing composite hypotheses, Hermite polynomials and optimal estimation of a nonsmooth functional},
  author={Cai, T Tony and Low, Mark G},
  year={2011}
}
@article{bernstein1914meilleure,
  title={Sur la meilleure approximation de| x| par des polynomes de degr{\'e}s donn{\'e}s},
  author={Bernstein, Serge},
  journal={Acta math},
  volume={37},
  number={1},
  pages={1--57},
  year={1914}
}